@book{russell2010artificial,
  title={Artificial Intelligence: A Modern Approach},
  author={Russell, S. and Russell, S.J. and Norvig, P. and Davis, E.},
  isbn={9780136042594},
  lccn={2011288031},
  series={Prentice Hall series in artificial intelligence},
  url={https://books.google.co.uk/books?id=8jZBksh-bUMC},
  year={2010},
  publisher={Prentice Hall}
}
