@book{russell2010artificial,
  title={Artificial Intelligence: A Modern Approach},
  author={Russell, S. and Russell, S.J. and Norvig, P. and Davis, E.},
  isbn={9780136042594},
  lccn={2011288031},
  series={Prentice Hall series in artificial intelligence},
  url={https://books.google.co.uk/books?id=8jZBksh-bUMC},
  year={2010},
  publisher={Prentice Hall}
}
@software{source2048,
    author={Gabrielle, Cirulli},
    title={Original 2048 Source Code},
    publisher={GitHub},
    year={2014},
    url={https://github.com/gabrielecirulli/2048}
}

@software{game2048,
    author={Gabrielle, Cirulli},
    title={Original 2048 Game},
    publisher={GitHub},
    year={2014},
    url={https://gabrielecirulli.github.io/2048/}
}

@software{expectimax2048,
    author={Syed Abdul, Wahab. and Muhammad, Bilal. and Hamza Javed, Durrani.},
    title={2048 Game Using Expectimax},
    publisher={Github},
    year={2018},
    url={https://github.com/Wahab16/2048-Game-Using-Expectimax}
}

@manual{javadocfx,
    title={OpenJFX 19 API Documentation},
    publisher={OpenJFX},
    url={https://openjfx.io/javadoc/19/}
}

@report{aiplays2048,
    author={Yun, Nie. and Wenqi, Hou. and Yicheng, An.},
    title={AI Plays 2048},
    url={http://cs229.stanford.edu/proj2016/report/NieHouAn-AIPlays2048-report.pdf}
}



